<record><leader>00000cas a22000007a 4500</leader><controlfield tag="001">18654929</controlfield><controlfield tag="008">881021d19751982iduwr ne      0    0eng d</controlfield><datafield ind1=" " ind2=" " tag="010"><subfield code="a">sn 88056036 </subfield></datafield><datafield ind1=" " ind2=" " tag="040"><subfield code="a">NVB</subfield><subfield code="b">eng</subfield><subfield code="c">NVB</subfield><subfield code="d">OCLCQ</subfield></datafield><datafield ind1=" " ind2=" " tag="043"><subfield code="a">n-us-id</subfield></datafield><datafield ind1="0" ind2="0" tag="245"><subfield code="a">Canyon herald.</subfield></datafield><datafield ind1=" " ind2=" " tag="260"><subfield code="a">Wilder, Idaho :</subfield><subfield code="b">J.E. &amp; N.J. Aman</subfield></datafield><datafield ind1=" " ind2=" " tag="300"><subfield code="a">v.</subfield></datafield><datafield ind1=" " ind2=" " tag="310"><subfield code="a">Weekly</subfield></datafield><datafield ind1="0" ind2=" " tag="362"><subfield code="a">Vol. 57, no. 39 (Mar. 6, 1975)-v. 64, no. 9 (Aug. 25, 1982).</subfield></datafield><datafield ind1=" " ind2=" " tag="500"><subfield code="a">Issues for Jan.-Aug. 1982 are identical to Jan.-Aug. issues of the Owyhee chronicle.</subfield></datafield><datafield ind1=" " ind2=" " tag="580"><subfield code="a">Owyhee County ed.: Owyhee chronicle, &lt;1982&gt;.</subfield></datafield><datafield ind1=" " ind2="0" tag="651"><subfield code="a">Wilder (Idaho)</subfield><subfield code="v">Newspapers.</subfield></datafield><datafield ind1=" " ind2=" " tag="752"><subfield code="a">United States</subfield><subfield code="b">Idaho</subfield><subfield code="c">Canyon</subfield><subfield code="d">Wilder.</subfield></datafield><datafield ind1="1" ind2=" " tag="775"><subfield code="t">Owyhee chronicle</subfield><subfield code="w">(DLC)sn 88056037</subfield></datafield><datafield ind1="0" ind2="0" tag="780"><subfield code="t">Canyon County weekly herald</subfield><subfield code="w">(DLC)sn 88056041</subfield></datafield><datafield ind1="0" ind2="4" tag="785"><subfield code="t">Owyhee chronicle</subfield><subfield code="w">(DLC)sn 88056037</subfield></datafield></record>